@book{manual,
author="Ministerio de Energía and Departamento de geofísica FCFM",
title="Explorador Solar para Autoconsumo, manual del usuario",
year="2016"
}
