@book{book,
  title={title},
  author={author},
  isbn={isbn},
  url={url},
  year={year},
  publisher={publisher}
}

@book{online,
	title={title},
	author={author},
	isbn={isbn},
	url={url},
	year={year},
	publisher={publisher}
}